<?xml version="1.0" encoding="UTF-8"?><collection xmlns="http://www.loc.gov/MARC21/slim"><record><leader>00498nam--2200181-i-4500</leader><controlfield tag="001">000036088</controlfield><controlfield tag="002">20161230</controlfield><controlfield tag="005">20161230201040</controlfield><controlfield tag="008">060222s1000------------r-----000-0-eng-d</controlfield><datafield ind1=" " ind2=" " tag="040"><subfield code="a">IFIN-HH</subfield></datafield><datafield ind1=" " ind2=" " tag="080"><subfield code="a">539.15(021)=2</subfield></datafield><datafield ind1="1" ind2=" " tag="100"><subfield code="a">Oldenberg, Otto</subfield></datafield><datafield ind1="1" ind2="0" tag="245"><subfield code="a">Introduction to atomic physics</subfield><subfield code="c">Otto oldenberg</subfield></datafield><datafield ind1=" " ind2=" " tag="250"><subfield code="a">First Edition Second Printing</subfield></datafield><datafield ind1=" " ind2=" " tag="260"><subfield code="a">New York</subfield><subfield code="b">Mcgraw-hill Book Company, Inc</subfield><subfield code="c">1949</subfield></datafield><datafield ind1=" " ind2=" " tag="300"><subfield code="a">XIII + 373P</subfield></datafield><datafield ind1=" " ind2=" " tag="852"><subfield code="a">2659</subfield><subfield code="c">539</subfield></datafield><datafield ind1=" " ind2=" " tag="CAT"><subfield code="a">Sys</subfield><subfield code="c">20110921</subfield><subfield code="h">102708</subfield></datafield></record></collection>